@article{myPaper,
  title={Andrew Jackson:" Pretty near a'Treason'to Call Him Doctor!"},
  author={Moore, Maureen T},
  journal={The New England Quarterly},
  volume={62},
  number={3},
  pages={424--435},
  year={1989},
  publisher={JSTOR}
}